<collection xmlns="http://www.loc.gov/MARC21/slim"><record><leader>00756nam  2200229   450</leader><controlfield tag="001">690</controlfield><controlfield tag="003">http://montalegre.opacnet.com/OPAC/default.aspx?ContentAreaControl=ShowRegHoldings.ascx&amp;RegNo=16662</controlfield><datafield tag="095" ind1=" " ind2=" "><subfield code="a">PTBN00927549</subfield></datafield><datafield tag="100" ind1=" " ind2=" "><subfield code="a">20061013d1978    m  y0pory010305  ba</subfield></datafield><datafield tag="101" ind1="0" ind2=" "><subfield code="a">por</subfield></datafield><datafield tag="102" ind1=" " ind2=" "><subfield code="a">PT</subfield></datafield><datafield tag="200" ind1="1" ind2=" "><subfield code="a">&lt;O &gt;livrinho dos macacos</subfield><subfield code="e">poemas e um conto para crianças</subfield><subfield code="f">Leonel Neves</subfield><subfield code="g">desenhos de Tossan</subfield></datafield><datafield tag="210" ind1=" " ind2=" "><subfield code="a">Lisboa</subfield><subfield code="c">Horizonte</subfield><subfield code="d">1978</subfield></datafield><datafield tag="215" ind1=" " ind2=" "><subfield code="a">31 p.</subfield><subfield code="c">il., color.</subfield><subfield code="d">23 cm</subfield></datafield><datafield tag="225" ind1="2" ind2=" "><subfield code="a">Pássaro livre</subfield><subfield code="v">12</subfield></datafield><datafield tag="606" ind1=" " ind2=" "><subfield code="a">Literatura infantil</subfield></datafield><datafield tag="608" ind1=" " ind2=" "><subfield code="a">Poesia</subfield></datafield><datafield tag="675" ind1=" " ind2=" "><subfield code="a">82-1</subfield><subfield code="v">BN</subfield><subfield code="z">por</subfield></datafield><datafield tag="700" ind1=" " ind2="1"><subfield code="a">Neves</subfield><subfield code="b">Leonel</subfield><subfield code="f">1921-1996</subfield></datafield><datafield tag="702" ind1=" " ind2="0"><subfield code="a">Tossan</subfield><subfield code="c">pseud.</subfield><subfield code="4">440</subfield></datafield><datafield tag="801" ind1=" " ind2="0"><subfield code="a">PT</subfield><subfield code="b">Biblioteca Municipal de Montalegre</subfield><subfield code="g">RPC</subfield></datafield><datafield tag="856" ind1=" " ind2=" "><subfield code="u">locateMedia.asp?cod=20060524161617&amp;ext=jpg</subfield><subfield code="z">CAPA</subfield></datafield><datafield tag="909" ind1="&#9;" ind2=" "><subfield code="a">1</subfield></datafield><datafield tag="966" ind1=" " ind2=" "><subfield code="a">0001806</subfield><subfield code="l">BMM</subfield><subfield code="s">SI 82-1 NEV liv 12</subfield></datafield></record></collection>